<collection xmlns="http://www.loc.gov/MARC21/slim"><record><leader>00653nam  2200217   450</leader><controlfield tag="001">289</controlfield><controlfield tag="003">http://montalegre.opacnet.com/OPAC/default.aspx?ContentAreaControl=ShowRegHoldings.ascx&amp;RegNo=16662</controlfield><datafield tag="095" ind1=" " ind2=" "><subfield code="a">PTBN00226155</subfield></datafield><datafield tag="100" ind1=" " ind2=" "><subfield code="a">20061013d1969    m  y0pory010305  ba</subfield></datafield><datafield tag="101" ind1="1" ind2=" "><subfield code="a">por</subfield><subfield code="c">rus</subfield></datafield><datafield tag="102" ind1=" " ind2=" "><subfield code="a">PT</subfield></datafield><datafield tag="105" ind1=" " ind2=" "><subfield code="a">y   z   001fy</subfield></datafield><datafield tag="106" ind1=" " ind2=" "><subfield code="a">r</subfield></datafield><datafield tag="200" ind1="1" ind2=" "><subfield code="a">Contos</subfield><subfield code="f">Dostoievski</subfield><subfield code="g">versão Natália Nunes</subfield></datafield><datafield tag="210" ind1=" " ind2=" "><subfield code="a">Lisboa</subfield><subfield code="c">Portugália</subfield><subfield code="d">imp. 1969</subfield></datafield><datafield tag="215" ind1=" " ind2=" "><subfield code="a">295, [9] p.</subfield><subfield code="d">16 cm</subfield></datafield><datafield tag="225" ind1="2" ind2=" "><subfield code="a">&lt;O &gt;livro de bolso</subfield><subfield code="v">104-105)</subfield></datafield><datafield tag="675" ind1=" " ind2=" "><subfield code="a">821</subfield><subfield code="v">BN</subfield><subfield code="z">por</subfield></datafield><datafield tag="700" ind1=" " ind2="0"><subfield code="a">Dostoiévski</subfield><subfield code="b">Fiódor</subfield><subfield code="f">1821-1881</subfield></datafield><datafield tag="702" ind1=" " ind2="1"><subfield code="a">Nunes</subfield><subfield code="b">Natália</subfield><subfield code="f">1921</subfield><subfield code="4">730</subfield></datafield><datafield tag="801" ind1=" " ind2="0"><subfield code="a">PT</subfield><subfield code="b">Biblioteca Municipal de Montalegre</subfield><subfield code="g">RPC</subfield></datafield><datafield tag="909" ind1="&#9;" ind2=" "><subfield code="a">1</subfield></datafield><datafield tag="966" ind1=" " ind2=" "><subfield code="a">0013678</subfield><subfield code="l">BMM</subfield><subfield code="s">SCG 821 DOS con</subfield></datafield></record></collection>